@techreport{dataset,
  author      = {Chris Teubert},
  institution = {PCoE},
  title       = {CMAPSS Jet Engine Simulated Data},
  year        = {2023},
  type        = {},
  number      = {026:21},
  note        = {\url{https://data.nasa.gov/Aerospace/CMAPSS-Jet-Engine-Simulated-Data/ff5v-kuh6}}
}

@article{carvalho2019systematic,
  title     = {A systematic literature review of machine learning methods applied to predictive maintenance},
  author    = {Carvalho, Thyago P and Soares, Fabr{\'\i}zzio AAMN and Vita, Roberto and Francisco, Roberto da P and Basto, Jo{\~a}o P and Alcal{\'a}, Symone GS},
  journal   = {Computers \& Industrial Engineering},
  volume    = {137},
  pages     = {106024},
  year      = {2019},
  publisher = {Elsevier}
}

@book{peixeiro2022time,
  title     = {Time series forecasting in python},
  author    = {Peixeiro, Marco},
  year      = {2022},
  publisher = {Simon and Schuster}
}

@book{shumway2017time,
  title     = {Time Series Analysis and Its Applications With R Examples},
  author    = {Robert H. Shumway and David S. Stoffer},
  year      = {2017},
  publisher = {Springer}
}

@misc{ibm-ai,
  title  = {What is Artificial Intelligence (AI) ?},
  author = {IBM},
  url    = {https://www.ibm.com/topics/artificial-intelligence}
}

@book{russell2021artificial,
  title     = {Artificial intelligence a modern approach},
  author    = {Russell, Stuart J},
  year      = {2021},
  publisher = {Pearson Education, Inc.}
}

@article{wikipedia-contributors-2023-Maintenance,
  author  = {Wikipedia contributors},
  journal = {Wikipedia},
  month   = {8},
  title   = {Maintenance},
  year    = {2023},
  url     = {https://en.wikipedia.org/wiki/Maintenance}
}

@article{zhang2019data,
  title     = {Data-driven methods for predictive maintenance of industrial equipment: A survey},
  author    = {Zhang, Weiting and Yang, Dong and Wang, Hongchao},
  journal   = {IEEE systems journal},
  volume    = {13},
  number    = {3},
  pages     = {2213--2227},
  year      = {2019},
  publisher = {IEEE}
}

@incollection{BELCHAMBER2005324,
  title     = {PROCESS ANALYSIS | Acoustic Emission},
  editor    = {Paul Worsfold and Alan Townshend and Colin Poole},
  booktitle = {Encyclopedia of Analytical Science (Second Edition)},
  publisher = {Elsevier},
  edition   = {Second Edition},
  address   = {Oxford},
  pages     = {324-331},
  year      = {2005},
  isbn      = {978-0-12-369397-6},
  doi       = {https://doi.org/10.1016/B0-12-369397-7/00706-8},
  url       = {https://www.sciencedirect.com/science/article/pii/B0123693977007068},
  author    = {R.M. Belchamber}
}

@article{wikipedia-contributors-2023-Temperature,
  author  = {Wikipedia contributors},
  journal = {Wikipedia},
  month   = {8},
  title   = {Temperature},
  year    = {2023},
  url     = {https://en.wikipedia.org/wiki/Temperature}
}

@article{wikipedia-contributors-2023-Vibration,
  author  = {Wikipedia contributors},
  journal = {Wikipedia},
  month   = {8},
  title   = {Vibration},
  year    = {2023},
  url     = {https://en.wikipedia.org/wiki/Vibration}
}

@misc{ni-vibration-measurement,
  month = {10},
  title = {Medir vibración con acelerómetros},
  year  = {2022},
  url   = {https://www.ni.com/es-mx/shop/data-acquisition/sensor-fundamentals/measuring-vibration-with-accelerometers.html}
}

@article{mcgranahan2020inconvenient,
  title     = {An inconvenient truth about temperature--time data from thermocouples},
  author    = {McGranahan, Devan Allen},
  journal   = {Plant Ecology},
  volume    = {221},
  number    = {11},
  pages     = {1091--1104},
  year      = {2020},
  publisher = {Springer}
}

@article{kim2001study,
  title     = {A study on the fabrication of an RTD (resistance temperature detector) by using Pt thin film},
  author    = {Kim, Jikwang and Kim, Jongsung and Shin, Younghwa and Yoon, Youngsoo},
  journal   = {Korean Journal of Chemical Engineering},
  volume    = {18},
  pages     = {61--66},
  year      = {2001},
  publisher = {Springer}
}

@article{reverter2021tutorial,
  title     = {A tutorial on thermal sensors in the 200th anniversary of the Seebeck effect},
  author    = {Reverter, Ferran},
  journal   = {IEEE Sensors Journal},
  volume    = {21},
  number    = {20},
  pages     = {22122--22132},
  year      = {2021},
  publisher = {IEEE}
}

@article{murphy2020choosing,
  title   = {Choosing the Most Suitable Predictive Maintenance Sensor},
  author  = {Murphy, Chris},
  journal = {Analog Devices, Inc},
  year    = {2020}
}

@article{team-2023,
  author  = {Team, Ibm Data And Ai and Team, Ibm Data And Ai},
  journal = {IBM Blog},
  month   = {7},
  title   = {{AI vs. Machine Learning vs. Deep Learning vs. Neural Networks: What's the difference?}},
  year    = {2023},
  url     = {https://www.ibm.com/blog/ai-vs-machine-learning-vs-deep-learning-vs-neural-networks/}
}

@misc{delua-2021,
  author = {Delua, Julianna},
  month  = {3},
  title  = {{Supervised vs. Unsupervised Learning: What's the Difference? - IBM Blog}},
  year   = {2021},
  url    = {https://www.ibm.com/blog/supervised-vs-unsupervised-learning/}
}

@article{ladosz2022exploration,
  title     = {Exploration in deep reinforcement learning: A survey},
  author    = {Ladosz, Pawel and Weng, Lilian and Kim, Minwoo and Oh, Hyondong},
  journal   = {Information Fusion},
  volume    = {85},
  pages     = {1--22},
  year      = {2022},
  publisher = {Elsevier}
}