@article{arias2021aircraft,
  title     = {Aircraft engine run-to-failure dataset under real flight conditions for prognostics and diagnostics},
  author    = {Arias Chao, Manuel and Kulkarni, Chetan and Goebel, Kai and Fink, Olga},
  journal   = {Data},
  volume    = {6},
  number    = {1},
  pages     = {5},
  year      = {2021},
  publisher = {MDPI}
}

@online{phm-conference,
  date  = {2021-10-21},
  title = {2021 PHM Conference Data Challenge - PHM Society Data Repository},
  url   = {https://data.phmsociety.org/2021-phm-conference-data-challenge/}
}

@online{phm-mission,
	date = {2021-03-30},
	title = {Mission Statement - PHM Society},
	url = {https://phmsociety.org/about-the-prognostics-and-health-management-society/mission-statement/},
}